@article{LIGO2009,
	author    = "B. Abbott and others",
	collaboration = "The LIGO Scientific Collaboration",
	title     = "{LIGO}: The Laser Interferometer Gravitational-Wave Observatory",
	publisher = "IOP Publishing",
	journal   = "Rep. Prog. Phys.",
	year      = "2009",
	month     = "July",
	volume    = "72",
	number    = "7",
	pages     = "076901",
	doi       = "10.1088/0034-4885/72/7/076901",
	eprint    = "arXiv:0711.3041 [gr-qc]"
}

@article{Virgo2012,
	author    = "T. Accadia and others",
	collaboration = "The Virgo Collaboration",
	title     = "{Virgo}: a laser interferometer to detect gravitational waves",
	publisher = "International School for Advanced Studies, Institute of Physics",
	journal   = "J. Inst.",
	year      = "2012",
	month     = "March",
	volume    = "7",
	number    = "03",
	pages     = "P03012",
	doi       = "10.1088/1748-0221/7/03/P03012",
}

@article{Anderson:2000yy,
	author    = "Anderson, Warren G. and Brady, Patrick R. and Creighton, Jolien D. E. and Flanagan, \'{E}anna \'{E}.",
	title     = "An excess power statistic for detection of burst sources of gravitational radiation",
	journal   = "Phys. Rev.",
	volume    = "D63",
	year      = "2001",
	pages     = "042003",
	eprint    = "arXiv:gr-qc/0008066",
	SLACcitation  = "%%CITATION = GR-QC/0008066;%%"
}

@article{ruslan2012a,
	author    = "Rahul Biswas and Patrick R. Brady and Jordi Burguet-Castell and Kipp Cannon and Jessica Clayton and Alexander Dietz and Nickolas Fotopoulos and Lisa M. Goggin and Drew Keppel and Chris Pankow and Larry R. Price and Ruslan Vaulin",
	title     = "Likelihood-ratio ranking of gravitational-wave candidates in a non-{Gaussian} background",
	publisher = "American Physical Society",
	journal   = "Phys. Rev.",
	year      = "2012",
	month     = "June",
	volume    = "D85",
	number    = "12",
	pages     = "122008",
	doi       = "10.1103/PhysRevD.85.122008",
	eprint    = "arXiv:1201.2959 [gr-qc]"
}

@article{ruslan2012b,
	author    = "Rahul Biswas and Patrick Brady and Jordi Burguet-Castell and Kipp Cannon and Jessica Clayton and Alex Dietz and Nick Fotopoulos and Lisa Goggin and Drew Keppel and Chris Pankow and Larry Price and Ruslan Vaulin",
	title     = "Detecting transient gravitational waves in non-{Gaussian} noise with partially redundant analysis methods",
	publisher = "American Physical Society",
	journal   = "Phys. Rev.",
	year      = "2012",
	month     = "June",
	volume    = "D85",
	pages     = "122009",
	doi       = "10.1103/PhysRevD.85.122009",
	eprint    = "arXiv:1201.2964 [gr-qc]"
}

@article{s5vsr1ruslan,
	author    = "Josh Abadie and others",
	collaboration = "The LIGO Scientific and Virgo Collaborations",
	title     = "Search for Gravitational Waves from Compact Binary Coalescence in {LIGO} and {Virgo} Data from {S5} and {VSR1}",
	publisher = "American Physical Society",
	journal   = "Phys. Rev.",
	year      = "2010",
	month     = "November",
	volume    = "D82",
	number    = "10",
	pages     = "102001",
	doi       = "10.1103/PhysRevD.82.102001",
	eprint    = "arXiv:1005.4655 [gr-qc]",
	note      = "Erratum \cite{s5vsr1ruslanerratum}"
}

@article{s5vsr1ruslanerratum,
	author    = "Josh Abadie and others",
	collaboration = "The LIGO Scientific and Virgo Collaborations",
	title     = "Publisher's Note: Search for gravitational waves from compact binary coalescence in {LIGO} and {Virgo} data from {S5} and {VSR1} {[Phys. Rev. D 82, 102001 (2010)]}",
	publisher = "American Physical Society",
	journal   = "Phys. Rev.",
	year      = "2012",
	month     = "April",
	volume    = "D85",
	number    = "8",
	pages     = "089903",
	doi       = "10.1103/PhysRevD.85.089903",
	eprint    = ""
}

@article{allenchi2,
	author    = "Bruce Allen",
	title     = "$\chi^{2}$ time-frequency discriminator for gravitational wave detection",
	publisher = "American Physical Society",
	journal   = "Phys. Rev.",
	year      = "2005",
	month     = "March",
	volume    = "D71",
	number    = "6",
	pages     = "062001",
	doi       = "10.1103/PhysRevD.71.062001",
	eprint    = "arXiv:gr-qc/0405045"
}

@article{findchirppaper,
	author    = "Allen, B. A. and Anderson, W. G. and Brady, P. R. and Brown, D. A. and Creighton, J. D. E.",
	title     = "{FINDCHIRP}: an algorithm for detection of gravitational waves from inspiraling compact binaries",
	publisher = "American Physical Society",
	journal   = "Phys. Rev.",
	year      = "2012",
	volume    = "D85",
	pages     = "122006",
	doi       = "10.1103/PhysRevD.85.122006",
	eprint    = "arXiv:gr-qc/0509116"
}

@article{bradyraymajumder2004,
        author = "Patrick R. Brady and Saikat Ray-Majumder",
        title = "Incorporating Information From Source Simulations Into Searches for Gravitational-Wave Bursts",
        journal = "Classical and Quantum Gravity",
        volume = "21",
        pages = "S1839--S1848",
        year = "2004",
        doi = "10.1088/0264-9381/21/20/027",
        url = "arXiv:gr-qc/0405036"
}

@article{Cannon2008,
	author = "Kipp C. Cannon",
	title = "A {Bayesian} coincidence test for noise rejection in a gravitational-wave burst search",
	journal = "Class. Quantum Grav.",
	volume = "25",
	number = "10",
	pages = "105024",
	year = "2008",
}

@article{Harry:2010zz,
	author         = "Harry, Gregory M.",
	collaboration  = "The LIGO Scientific Collaboration",
	title          = "Advanced {LIGO}: The next generation of gravitational wave detectors",
	journal        = "Class.Quant.Grav.",
	volume         = "27",
	pages          = "084006",
	doi            = "10.1088/0264-9381/27/8/084006",
	year           = "2010",
	SLACcitation   = "%%CITATION = CQGRD,27,084006;%%",
}

@unpublished{LALSuite,
	author = "J. Aasi and others",
	collaboration = "The LIGO Scientific Collaboration",
	title = "{LSC} Algorithm Library",
	eprint = "\url{https://www.lsc-group.phys.uwm.edu/daswg/projects/lalsuite.html}"
}

@unpublished{GstLAL,
	author = "Kipp Cannon and Chad Hanna and Drew Keppel",
	title = "{GstLAL}",
	eprint = "\url{https://www.lsc-group.phys.uwm.edu/daswg/projects/gstlal.html}"
}

@techreport{LIGO-T1200307,
	author = "L. Barsotti and P. Fritschel and others",
	title = "Early {aLIGO} configurations: example scenarios toward design sensitivity",
	publisher = "Laser Interferometer Gravitational Wave Observatory",
	year = "2012",
	number = "LIGO-T1200307"
}

@techreport{LIGO-T1300121,
	author = "Chris {van den Broeck}",
	title = "Data files for advanced {Virgo} sensitivities used in {MDC1}",
	publisher = "Laser Interferometer Gravitational Wave Observatory",
	year = "2013",
	number = "LIGO-T1300121"
}

@techreport{advVirgo2009,
	author = "F. Acernese and others",
	collaboration = "The Virgo Collaboration",
	title = "Advanced {Virgo} Baseline Design",
	year = "2009",
	number = "{VIR–027A–09}",
	url = "https://tds.ego-gw.it/itf/tds/file.php?callFile=VIR-0027A-09.pdf"
}

@article{cannon2012b,
	author    = "Kipp Cannon and Chad Hanna and Drew Keppel",
	title     = "A method to estimate the significance of coincident gravitational-wave observations from compact binary coalescence",
	publisher = "American Physical Society",
	journal   = "Phys. Rev.",
	year      = "2013",
	volume    = "D88",
	pages     = "024025",
	doi       = "10.1103/PhysRevD.88.024025",
	eprint    = "arXiv:1209.0718 [gr-qc]"
}

@article{farr2013a,
	author    = "Will M. Farr and Jonathan R. Gair and Ilya Mandel and Curt Cutler",
	title     = "Counting And Confusion:  {Bayesian} Rate Estimation With Multiple Populations",
	publisher = "",
	journal   = "in preparation",
	year      = "2013",
	volume    = "",
	pages     = "",
	doi       = "",
	eprint    = "arXiv:1302.5341 [astro-ph.IM]"
}

@book{300yearschapter9,
	author    = "Kip S. Thorne",
	editor    = "Steven W. Hawking and Werner Israel",
	title     = "Three Hundred Years of Gravitation",
	publisher = "Cambridge University Press",
	year      = "1987"
}

@book{winklerhays,
	author    = "Robert L. Winkler and William L. Hays",
	title     = "Statistics:  Probability, Inference, and Decision",
	edition   = "2nd",
	publisher = "Holt, Rinehart and Winston",
	year      = "1975",
	isbn      = "0-03-014011-0"
}

@article{marcum1960,
	author    = "Jess. I. Marcum",
	title     = "A Statistical Theory of Target Detection by Pulsed Radar",
	publisher = "{IEEE}",
	journal   = "{IRE} Trans. Information Theory",
	year      = "1960",
	volume    = "6",
	number    = "2",
	pages     = "59--267",
	doi       = "10.1109/TIT.1960.1057560"
}

@article{nuttall1975,
	author    = "Albert H. Nuttall",
	title     = "Some integrals involving the $Q_{M}$ function",
	publisher = "{IEEE} Information Theory Society",
	journal   = "{IEEE} T. Inform. Theory",
	year      = "1975",
	volume    = "21",
	number    = "1",
	pages     = "95--96",
	doi       = "10.1109/TIT.1975.1055327"
}

@article{broek2009,
	author    = "Chris {van den Broeck} and Duncan A. Brown and Thomas Cokelaer and Ian Harry and Gareth Jones and B. S. Sathyaprakash and Hideyuki Tagoshi and Hirotaka Takahashi",
	title     = "Template banks to search for compact binaries with spinning components in gravitational wave data",
	publisher = "American Physical Society",
	journal   = "Phys. Rev.",
	year      = "2009",
	month     = "July",
	volume    = "D80",
	number    = "2",
	pages     = "024009",
	doi       = "10.1103/PhysRevD.80.024009",
	eprint    = "arXiv:0904.1715 [gr-qc]"
}

@article{emcee,
	author    = "Daniel Foreman-Mackey and David W. Hogg and Distin Lang and Jonathan Goodman",
	title     = "{emcee}: The {MCMC} Hammer",
	publisher = "Astronomical Society of the Pacific",
	journal   = "Publ. Astron. Soc. Pac.",
	year      = "2013",
	month     = "March",
	volume    = "125",
	number    = "925",
	pages     = "306--312",
	doi       = "10.1086/670067",
	eprint    = "arXiv:1202.3665 [astro-ph.IM]"
}

@article{rice1944,
	author    = "Stephen O. Rice",
	title     = "Mathematical Analysis of Random Noise",
	publisher = "American Telephone and Telegraph Company",
	journal   = "Bell Syst. Tech. J.",
	year      = "1944",
	month     = "July",
	volume    = "23",
	number    = "3",
	pages     = "282--332",
	doi       = "10.1002/j.1538-7305.1944.tb00874.x",
	note      = "continued in \cite{rice1945}"
}

@article{rice1945,
	author    = "Stephen O. Rice",
	title     = "Mathematical Analysis of Random Noise",
	publisher = "American Telephone and Telegraph Company",
	journal   = "Bell Syst. Tech. J.",
	year      = "1945",
	month     = "January",
	volume    = "24",
	number    = "1",
	pages     = "46--156",
	doi       = "10.1002/j.1538-7305.1945.tb00453.x",
	note      = "continued from \cite{rice1944}"
}

@book{landaupaez,
	author    = "Rubin H. Landau and Manuel Jos\'{e} P\`{a}ez and Cristian C. Bordeianu",
	title     = "Computational Physics:  Problem Solving with Computers",
	edition   = "2nd",
	publisher = "Wiley-VCH",
	address   = "Weinheim, Germany",
	year      = "2007"
}

@article{s56vsr123strings,
	author    = "Aasi, J. and others",
	collaboration = "The LIGO Scientific and Virgo Collaborations",
	title     = "Constraints on cosmic (super)strings from the {LIGO}-{Virgo} gravitational-wave detectors",
	publisher = "American Physical Society",
	journal   = "Phys. Rev. Lett.",
	year      = "2013",
	month     = "April",
	volume    = "112",
	number    = "13",
	pages     = "131101",
	doi       = "doi:10.1103/PhysRevLett.112.131101",
	eprint    = "arXiv:1310.2384 [gr-qc]"
}

@article{babak2012a,
	author    = "S. Babak and R. Biswas and P. R. Brady and D. A. Brown and K. Cannon and C. D. Capano and J. H. Clayton and T. Cokelaer and J. D. E. Creighton and T. Dent and A. Dietz and S. Fairhurst and N. Fotopoulos and G. Gonz\'{a}lez and C. Hanna and I. W. Harry and G. Jones and D. Keppel and D. J. A. McKechan and L. Pekowsky and S. Privitera and C. Robinson and A. C. Rodriguez and B. S. Sathyaprakash and A. S. Sengupta and M. Vallisneri and R. Vaulin and A. J. Weinstein",
	title     = "Searching for gravitational waves from binary coalescence",
	publisher = "American Physical Society",
	journal   = "Phys. Rev.",
	volume    = "D87",
	number    = "2",
	year      = "2013",
	month     = "January",
	pages     = "024033",
	numpages  = "18",
	eprint    = "arXiv:1208.3491 [gr-qc]",
	doi       = "10.1103/PhysRevD.87.024033"
}

@Article{cannon2011b,
	author    = "Kipp Cannon and Romain Cariou and Adrian Chapman and Mireia Crisp\'{i}n-Ortuzar and Nickolas Fotopolous and Melissa Frei and Chad Hanna and Erin Kara and Drew Keppel and Laura Liao and Stephen Privitera and Antony Searle and Leo Singer and Alan Weinstein",
	title     = "Toward early-warning detection of gravitational waves from compact binary coalescence",
	publisher = "IOP Publishing",
	journal   = "Ap. J.",
	volume    = "748",
	number    = "2",
	year      = "2012",
	month     = "March",
	pages     = "136",
	numpages  = "14",
	eprint    = "arXiv:1107.2665 [astro-ph]",
	doi       = "10.1088/0004-637X/748/2/136",
	url       = "http://stacks.iop.org/0004-637X/748/i=2/a=136"
}

@Article{0264-9381-27-17-173001,
	author    = "Abadie, J. and others",
	collaboration = "The LIGO Scientific Collaboration",
	title     = "Predictions for the rates of compact binary coalescences observable by ground-based gravitational-wave detectors",
	publisher = "IOP Publishing",
	journal   = "Class. Quant. Grav.",
	volume    = "27",
	number    = "17",
	year      = "2010",
	month     = "September",
	pages     = "173001",
	numpages  = "",
	eprint    = "arXiv:1003.2480 [astro-ph.HE]",
	doi       = "10.1088/0264-9381/27/17/173001",
	url       = "http://stacks.iop.org/0264-9381/27/i=17/a=173001"
}

@article{jaranowski1998,
	author    = "Piotr Jaranowski and Andrzej Kr\'{o}lak and Bernard F. Schutz",
	title     = "Data analysis of gravitational-wave signals from spinning neutron stars:  The signal and its detection",
	publisher = "American Physical Society",
	journal   = "Phys. Rev.",
	volume    = "D58",
	number    = "6",
	year      = "1998",
	month     = "August",
	pages     = "063001",
	numpages  = "24",
	eprint    = "arXiv:gr-qc/9804014 [gr-qc]",
	doi       = "10.1103/PhysRevD.58.063001"
}

@article{Hunter:2007,
	author    = "J. D. Hunter",
	title     = "{Matplotlib}:  A {2D} graphics environment",
	publisher = "IEEE Computer Society",
	journal   = "Comput. Sci. Eng.",
	volume    = "9",
	number    = "3",
	pages     = "90--95",
	year      = "2007"
}

@article{neymanpearson:1933,
	author    = "Neyman, J. and Pearson, E. S.",
	title     = "On the Problem of the Most Efficient Tests of Statistical Hypotheses",
	publisher = "The Royal Society",
	journal   = "Philos. Trans. R. Soc. London, Ser. A",
	volume    = "231",
	number    = "694-706",
	pages     = "289--337",
	year      = "1933",
	doi       = "10.1098/rsta.1933.0009"
}

@article{PhysRevD.88.062006,
	title     = "Gravitational-wave detection using multivariate analysis",
	author    = "Adams, Thomas S. and Meacher, Duncan and Clark, James and Sutton, Patrick J. and Jones, Gareth and Minot, Ariana",
	publisher = "American Physical Society",
	journal   = "Phys. Rev.",
	volume    = "D88",
	number    = "6",
	pages     = "062006",
	year      = "2013",
	month     = "Sep",
	eprint    = "arXiv:1305.5714 [gr-qc]",
	doi       = "10.1103/PhysRevD.88.062006"
}

@article{bakercaudillhodge:2014,
	title     = "Multivariate Classification with Random Forests for Gravitational Wave Searches of Black Hole Binary Coalescence",
	author    = "Baker, Paul T. and Caudill, Sarah and Hodge, Kari A. and Talukder, Dipongkar and Capano, Collin and Cornish, Neil J.",
	year      = "2014",
	eprint    = "arXiv:1412.6479 [gr-qc]"
}

@article{PhysRevLett.116.061102,
  	title = {Observation of Gravitational Waves from a Binary Black Hole Merger},
  	author = {Abbott, B. P. and Abbott, R. and Abbott, T. D. and Abernathy, M. R. and Acernese, F. and Ackley, K. and Adams, C. and Adams, T. and Addesso, P. and Adhikari, R. X. and Adya, V. B. and Affeldt, C. and Agathos, M. and Agatsuma, K. and Aggarwal, N. and Aguiar, O. D. and Aiello, L. and Ain, A. and Ajith, P. and Allen, B. and Allocca, A. and Altin, P. A. and Anderson, S. B. and Anderson, W. G. and Arai, K. and Arain, M. A. and Araya, M. C. and Arceneaux, C. C. and Areeda, J. S. and Arnaud, N. and Arun, K. G. and Ascenzi, S. and Ashton, G. and Ast, M. and Aston, S. M. and Astone, P. and Aufmuth, P. and Aulbert, C. and Babak, S. and Bacon, P. and Bader, M. K. M. and Baker, P. T. and Baldaccini, F. and Ballardin, G. and Ballmer, S. W. and Barayoga, J. C. and Barclay, S. E. and Barish, B. C. and Barker, D. and Barone, F. and Barr, B. and Barsotti, L. and Barsuglia, M. and Barta, D. and Bartlett, J. and Barton, M. A. and Bartos, I. and Bassiri, R. and Basti, A. and Batch, J. C. and Baune, C. and Bavigadda, V. and Bazzan, M. and Behnke, B. and Bejger, M. and Belczynski, C. and Bell, A. S. and Bell, C. J. and Berger, B. K. and Bergman, J. and Bergmann, G. and Berry, C. P. L. and Bersanetti, D. and Bertolini, A. and Betzwieser, J. and Bhagwat, S. and Bhandare, R. and Bilenko, I. A. and Billingsley, G. and Birch, J. and Birney, R. and Birnholtz, O. and Biscans, S. and Bisht, A. and Bitossi, M. and Biwer, C. and Bizouard, M. A. and Blackburn, J. K. and Blair, C. D. and Blair, D. G. and Blair, R. M. and Bloemen, S. and Bock, O. and Bodiya, T. P. and Boer, M. and Bogaert, G. and Bogan, C. and Bohe, A. and Bojtos, P. and Bond, C. and Bondu, F. and Bonnand, R. and Boom, B. A. and Bork, R. and Boschi, V. and Bose, S. and Bouffanais, Y. and Bozzi, A. and Bradaschia, C. and Brady, P. R. and Braginsky, V. B. and Branchesi, M. and Brau, J. E. and Briant, T. and Brillet, A. and Brinkmann, M. and Brisson, V. and Brockill, P. and Brooks, A. F. and Brown, D. A. and Brown, D. D. and Brown, N. M. and Buchanan, C. C. and Buikema, A. and Bulik, T. and Bulten, H. J. and Buonanno, A. and Buskulic, D. and Buy, C. and Byer, R. L. and Cabero, M. and Cadonati, L. and Cagnoli, G. and Cahillane, C. and Bustillo, J. Calder\'on and Callister, T. and Calloni, E. and Camp, J. B. and Cannon, K. C. and Cao, J. and Capano, C. D. and Capocasa, E. and Carbognani, F. and Caride, S. and Diaz, J. Casanueva and Casentini, C. and Caudill, S. and Cavagli\`a, M. and Cavalier, F. and Cavalieri, R. and Cella, G. and Cepeda, C. B. and Baiardi, L. Cerboni and Cerretani, G. and Cesarini, E. and Chakraborty, R. and Chalermsongsak, T. and Chamberlin, S. J. and Chan, M. and Chao, S. and Charlton, P. and Chassande-Mottin, E. and Chen, H. Y. and Chen, Y. and Cheng, C. and Chincarini, A. and Chiummo, A. and Cho, H. S. and Cho, M. and Chow, J. H. and Christensen, N. and Chu, Q. and Chua, S. and Chung, S. and Ciani, G. and Clara, F. and Clark, J. A. and Cleva, F. and Coccia, E. and Cohadon, P.-F. and Colla, A. and Collette, C. G. and Cominsky, L. and Constancio, M. and Conte, A. and Conti, L. and Cook, D. and Corbitt, T. R. and Cornish, N. and Corsi, A. and Cortese, S. and Costa, C. A. and Coughlin, M. W. and Coughlin, S. B. and Coulon, J.-P. and Countryman, S. T. and Couvares, P. and Cowan, E. E. and Coward, D. M. and Cowart, M. J. and Coyne, D. C. and Coyne, R. and Craig, K. and Creighton, J. D. E. and Creighton, T. D. and Cripe, J. and Crowder, S. G. and Cruise, A. M. and Cumming, A. and Cunningham, L. and Cuoco, E. and Canton, T. Dal and Danilishin, S. L. and D'Antonio, S. and Danzmann, K. and Darman, N. S. and Da Silva Costa, C. F. and Dattilo, V. and Dave, I. and Daveloza, H. P. and Davier, M. and Davies, G. S. and Daw, E. J. and Day, R. and De, S. and DeBra, D. and Debreczeni, G. and Degallaix, J. and De Laurentis, M. and Del\'eglise, S. and Del Pozzo, W. and Denker, T. and Dent, T. and Dereli, H. and Dergachev, V. and DeRosa, R. T. and De Rosa, R. and DeSalvo, R. and Dhurandhar, S. and D\'{\i}az, M. C. and Di Fiore, L. and Di Giovanni, M. and Di Lieto, A. and Di Pace, S. and Di Palma, I. and Di Virgilio, A. and Dojcinoski, G. and Dolique, V. and Donovan, F. and Dooley, K. L. and Doravari, S. and Douglas, R. and Downes, T. P. and Drago, M. and Drever, R. W. P. and Driggers, J. C. and Du, Z. and Ducrot, M. and Dwyer, S. E. and Edo, T. B. and Edwards, M. C. and Effler, A. and Eggenstein, H.-B. and Ehrens, P. and Eichholz, J. and Eikenberry, S. S. and Engels, W. and Essick, R. C. and Etzel, T. and Evans, M. and Evans, T. M. and Everett, R. and Factourovich, M. and Fafone, V. and Fair, H. and Fairhurst, S. and Fan, X. and Fang, Q. and Farinon, S. and Farr, B. and Farr, W. M. and Favata, M. and Fays, M. and Fehrmann, H. and Fejer, M. M. and Feldbaum, D. and Ferrante, I. and Ferreira, E. C. and Ferrini, F. and Fidecaro, F. and Finn, L. S. and Fiori, I. and Fiorucci, D. and Fisher, R. P. and Flaminio, R. and Fletcher, M. and Fong, H. and Fournier, J.-D. and Franco, S. and Frasca, S. and Frasconi, F. and Frede, M. and Frei, Z. and Freise, A. and Frey, R. and Frey, V. and Fricke, T. T. and Fritschel, P. and Frolov, V. V. and Fulda, P. and Fyffe, M. and Gabbard, H. A. G. and Gair, J. R. and Gammaitoni, L. and Gaonkar, S. G. and Garufi, F. and Gatto, A. and Gaur, G. and Gehrels, N. and Gemme, G. and Gendre, B. and Genin, E. and Gennai, A. and George, J. and Gergely, L. and Germain, V. and Ghosh, Abhirup and Ghosh, Archisman and Ghosh, S. and Giaime, J. A. and Giardina, K. D. and Giazotto, A. and Gill, K. and Glaefke, A. and Gleason, J. R. and Goetz, E. and Goetz, R. and Gondan, L. and Gonz\'alez, G. and Castro, J. M. Gonzalez and Gopakumar, A. and Gordon, N. A. and Gorodetsky, M. L. and Gossan, S. E. and Gosselin, M. and Gouaty, R. and Graef, C. and Graff, P. B. and Granata, M. and Grant, A. and Gras, S. and Gray, C. and Greco, G. and Green, A. C. and Greenhalgh, R. J. S. and Groot, P. and Grote, H. and Grunewald, S. and Guidi, G. M. and Guo, X. and Gupta, A. and Gupta, M. K. and Gushwa, K. E. and Gustafson, E. K. and Gustafson, R. and Hacker, J. J. and Hall, B. R. and Hall, E. D. and Hammond, G. and Haney, M. and Hanke, M. M. and Hanks, J. and Hanna, C. and Hannam, M. D. and Hanson, J. and Hardwick, T. and Harms, J. and Harry, G. M. and Harry, I. W. and Hart, M. J. and Hartman, M. T. and Haster, C.-J. and Haughian, K. and Healy, J. and Heefner, J. and Heidmann, A. and Heintze, M. C. and Heinzel, G. and Heitmann, H. and Hello, P. and Hemming, G. and Hendry, M. and Heng, I. S. and Hennig, J. and Heptonstall, A. W. and Heurs, M. and Hild, S. and Hoak, D. and Hodge, K. A. and Hofman, D. and Hollitt, S. E. and Holt, K. and Holz, D. E. and Hopkins, P. and Hosken, D. J. and Hough, J. and Houston, E. A. and Howell, E. J. and Hu, Y. M. and Huang, S. and Huerta, E. A. and Huet, D. and Hughey, B. and Husa, S. and Huttner, S. H. and Huynh-Dinh, T. and Idrisy, A. and Indik, N. and Ingram, D. R. and Inta, R. and Isa, H. N. and Isac, J.-M. and Isi, M. and Islas, G. and Isogai, T. and Iyer, B. R. and Izumi, K. and Jacobson, M. B. and Jacqmin, T. and Jang, H. and Jani, K. and Jaranowski, P. and Jawahar, S. and Jim\'enez-Forteza, F. and Johnson, W. W. and Johnson-McDaniel, N. K. and Jones, D. I. and Jones, R. and Jonker, R. J. G. and Ju, L. and Haris, K. and Kalaghatgi, C. V. and Kalogera, V. and Kandhasamy, S. and Kang, G. and Kanner, J. B. and Karki, S. and Kasprzack, M. and Katsavounidis, E. and Katzman, W. and Kaufer, S. and Kaur, T. and Kawabe, K. and Kawazoe, F. and K\'ef\'elian, F. and Kehl, M. S. and Keitel, D. and Kelley, D. B. and Kells, W. and Kennedy, R. and Keppel, D. G. and Key, J. S. and Khalaidovski, A. and Khalili, F. Y. and Khan, I. and Khan, S. and Khan, Z. and Khazanov, E. A. and Kijbunchoo, N. and Kim, C. and Kim, J. and Kim, K. and Kim, Nam-Gyu and Kim, Namjun and Kim, Y.-M. and King, E. J. and King, P. J. and Kinzel, D. L. and Kissel, J. S. and Kleybolte, L. and Klimenko, S. and Koehlenbeck, S. M. and Kokeyama, K. and Koley, S. and Kondrashov, V. and Kontos, A. and Koranda, S. and Korobko, M. and Korth, W. Z. and Kowalska, I. and Kozak, D. B. and Kringel, V. and Krishnan, B. and Kr\'olak, A. and Krueger, C. and Kuehn, G. and Kumar, P. and Kumar, R. and Kuo, L. and Kutynia, A. and Kwee, P. and Lackey, B. D. and Landry, M. and Lange, J. and Lantz, B. and Lasky, P. D. and Lazzarini, A. and Lazzaro, C. and Leaci, P. and Leavey, S. and Lebigot, E. O. and Lee, C. H. and Lee, H. K. and Lee, H. M. and Lee, K. and Lenon, A. and Leonardi, M. and Leong, J. R. and Leroy, N. and Letendre, N. and Levin, Y. and Levine, B. M. and Li, T. G. F. and Libson, A. and Littenberg, T. B. and Lockerbie, N. A. and Logue, J. and Lombardi, A. L. and London, L. T. and Lord, J. E. and Lorenzini, M. and Loriette, V. and Lormand, M. and Losurdo, G. and Lough, J. D. and Lousto, C. O. and Lovelace, G. and L\"uck, H. and Lundgren, A. P. and Luo, J. and Lynch, R. and Ma, Y. and MacDonald, T. and Machenschalk, B. and MacInnis, M. and Macleod, D. M. and Maga\~na-Sandoval, F. and Magee, R. M. and Mageswaran, M. and Majorana, E. and Maksimovic, I. and Malvezzi, V. and Man, N. and Mandel, I. and Mandic, V. and Mangano, V. and Mansell, G. L. and Manske, M. and Mantovani, M. and Marchesoni, F. and Marion, F. and M\'arka, S. and M\'arka, Z. and Markosyan, A. S. and Maros, E. and Martelli, F. and Martellini, L. and Martin, I. W. and Martin, R. M. and Martynov, D. V. and Marx, J. N. and Mason, K. and Masserot, A. and Massinger, T. J. and Masso-Reid, M. and Matichard, F. and Matone, L. and Mavalvala, N. and Mazumder, N. and Mazzolo, G. and McCarthy, R. and McClelland, D. E. and McCormick, S. and McGuire, S. C. and McIntyre, G. and McIver, J. and McManus, D. J. and McWilliams, S. T. and Meacher, D. and Meadors, G. D. and Meidam, J. and Melatos, A. and Mendell, G. and Mendoza-Gandara, D. and Mercer, R. A. and Merilh, E. and Merzougui, M. and Meshkov, S. and Messenger, C. and Messick, C. and Meyers, P. M. and Mezzani, F. and Miao, H. and Michel, C. and Middleton, H. and Mikhailov, E. E. and Milano, L. and Miller, J. and Millhouse, M. and Minenkov, Y. and Ming, J. and Mirshekari, S. and Mishra, C. and Mitra, S. and Mitrofanov, V. P. and Mitselmakher, G. and Mittleman, R. and Moggi, A. and Mohan, M. and Mohapatra, S. R. P. and Montani, M. and Moore, B. C. and Moore, C. J. and Moraru, D. and Moreno, G. and Morriss, S. R. and Mossavi, K. and Mours, B. and Mow-Lowry, C. M. and Mueller, C. L. and Mueller, G. and Muir, A. W. and Mukherjee, Arunava and Mukherjee, D. and Mukherjee, S. and Mukund, N. and Mullavey, A. and Munch, J. and Murphy, D. J. and Murray, P. G. and Mytidis, A. and Nardecchia, I. and Naticchioni, L. and Nayak, R. K. and Necula, V. and Nedkova, K. and Nelemans, G. and Neri, M. and Neunzert, A. and Newton, G. and Nguyen, T. T. and Nielsen, A. B. and Nissanke, S. and Nitz, A. and Nocera, F. and Nolting, D. and Normandin, M. E. N. and Nuttall, L. K. and Oberling, J. and Ochsner, E. and O'Dell, J. and Oelker, E. and Ogin, G. H. and Oh, J. J. and Oh, S. H. and Ohme, F. and Oliver, M. and Oppermann, P. and Oram, Richard J. and O'Reilly, B. and O'Shaughnessy, R. and Ott, C. D. and Ottaway, D. J. and Ottens, R. S. and Overmier, H. and Owen, B. J. and Pai, A. and Pai, S. A. and Palamos, J. R. and Palashov, O. and Palomba, C. and Pal-Singh, A. and Pan, H. and Pan, Y. and Pankow, C. and Pannarale, F. and Pant, B. C. and Paoletti, F. and Paoli, A. and Papa, M. A. and Paris, H. R. and Parker, W. and Pascucci, D. and Pasqualetti, A. and Passaquieti, R. and Passuello, D. and Patricelli, B. and Patrick, Z. and Pearlstone, B. L. and Pedraza, M. and Pedurand, R. and Pekowsky, L. and Pele, A. and Penn, S. and Perreca, A. and Pfeiffer, H. P. and Phelps, M. and Piccinni, O. and Pichot, M. and Pickenpack, M. and Piergiovanni, F. and Pierro, V. and Pillant, G. and Pinard, L. and Pinto, I. M. and Pitkin, M. and Poeld, J. H. and Poggiani, R. and Popolizio, P. and Post, A. and Powell, J. and Prasad, J. and Predoi, V. and Premachandra, S. S. and Prestegard, T. and Price, L. R. and Prijatelj, M. and Principe, M. and Privitera, S. and Prix, R. and Prodi, G. A. and Prokhorov, L. and Puncken, O. and Punturo, M. and Puppo, P. and P\"urrer, M. and Qi, H. and Qin, J. and Quetschke, V. and Quintero, E. A. and Quitzow-James, R. and Raab, F. J. and Rabeling, D. S. and Radkins, H. and Raffai, P. and Raja, S. and Rakhmanov, M. and Ramet, C. R. and Rapagnani, P. and Raymond, V. and Razzano, M. and Re, V. and Read, J. and Reed, C. M. and Regimbau, T. and Rei, L. and Reid, S. and Reitze, D. H. and Rew, H. and Reyes, S. D. and Ricci, F. and Riles, K. and Robertson, N. A. and Robie, R. and Robinet, F. and Rocchi, A. and Rolland, L. and Rollins, J. G. and Roma, V. J. and Romano, J. D. and Romano, R. and Romanov, G. and Romie, J. H. and Rosi\ifmmode \acute{n}\else \'{n}\fi{}ska, D. and Rowan, S. and R\"udiger, A. and Ruggi, P. and Ryan, K. and Sachdev, S. and Sadecki, T. and Sadeghian, L. and Salconi, L. and Saleem, M. and Salemi, F. and Samajdar, A. and Sammut, L. and Sampson, L. M. and Sanchez, E. J. and Sandberg, V. and Sandeen, B. and Sanders, G. H. and Sanders, J. R. and Sassolas, B. and Sathyaprakash, B. S. and Saulson, P. R. and Sauter, O. and Savage, R. L. and Sawadsky, A. and Schale, P. and Schilling, R. and Schmidt, J. and Schmidt, P. and Schnabel, R. and Schofield, R. M. S. and Sch\"onbeck, A. and Schreiber, E. and Schuette, D. and Schutz, B. F. and Scott, J. and Scott, S. M. and Sellers, D. and Sengupta, A. S. and Sentenac, D. and Sequino, V. and Sergeev, A. and Serna, G. and Setyawati, Y. and Sevigny, A. and Shaddock, D. A. and Shaffer, T. and Shah, S. and Shahriar, M. S. and Shaltev, M. and Shao, Z. and Shapiro, B. and Shawhan, P. and Sheperd, A. and Shoemaker, D. H. and Shoemaker, D. M. and Siellez, K. and Siemens, X. and Sigg, D. and Silva, A. D. and Simakov, D. and Singer, A. and Singer, L. P. and Singh, A. and Singh, R. and Singhal, A. and Sintes, A. M. and Slagmolen, B. J. J. and Smith, J. R. and Smith, M. R. and Smith, N. D. and Smith, R. J. E. and Son, E. J. and Sorazu, B. and Sorrentino, F. and Souradeep, T. and Srivastava, A. K. and Staley, A. and Steinke, M. and Steinlechner, J. and Steinlechner, S. and Steinmeyer, D. and Stephens, B. C. and Stevenson, S. P. and Stone, R. and Strain, K. A. and Straniero, N. and Stratta, G. and Strauss, N. A. and Strigin, S. and Sturani, R. and Stuver, A. L. and Summerscales, T. Z. and Sun, L. and Sutton, P. J. and Swinkels, B. L. and Szczepa\ifmmode \acute{n}\else \'{n}\fi{}czyk, M. J. and Tacca, M. and Talukder, D. and Tanner, D. B. and T\'apai, M. and Tarabrin, S. P. and Taracchini, A. and Taylor, R. and Theeg, T. and Thirugnanasambandam, M. P. and Thomas, E. G. and Thomas, M. and Thomas, P. and Thorne, K. A. and Thorne, K. S. and Thrane, E. and Tiwari, S. and Tiwari, V. and Tokmakov, K. V. and Tomlinson, C. and Tonelli, M. and Torres, C. V. and Torrie, C. I. and T\"oyr\"a, D. and Travasso, F. and Traylor, G. and Trifir\`o, D. and Tringali, M. C. and Trozzo, L. and Tse, M. and Turconi, M. and Tuyenbayev, D. and Ugolini, D. and Unnikrishnan, C. S. and Urban, A. L. and Usman, S. A. and Vahlbruch, H. and Vajente, G. and Valdes, G. and Vallisneri, M. and van Bakel, N. and van Beuzekom, M. and van den Brand, J. F. J. and Van Den Broeck, C. and Vander-Hyde, D. C. and van der Schaaf, L. and van Heijningen, J. V. and van Veggel, A. A. and Vardaro, M. and Vass, S. and Vas\'uth, M. and Vaulin, R. and Vecchio, A. and Vedovato, G. and Veitch, J. and Veitch, P. J. and Venkateswara, K. and Verkindt, D. and Vetrano, F. and Vicer\'e, A. and Vinciguerra, S. and Vine, D. J. and Vinet, J.-Y. and Vitale, S. and Vo, T. and Vocca, H. and Vorvick, C. and Voss, D. and Vousden, W. D. and Vyatchanin, S. P. and Wade, A. R. and Wade, L. E. and Wade, M. and Waldman, S. J. and Walker, M. and Wallace, L. and Walsh, S. and Wang, G. and Wang, H. and Wang, M. and Wang, X. and Wang, Y. and Ward, H. and Ward, R. L. and Warner, J. and Was, M. and Weaver, B. and Wei, L.-W. and Weinert, M. and Weinstein, A. J. and Weiss, R. and Welborn, T. and Wen, L. and We\ss{}els, P. and Westphal, T. and Wette, K. and Whelan, J. T. and Whitcomb, S. E. and White, D. J. and Whiting, B. F. and Wiesner, K. and Wilkinson, C. and Willems, P. A. and Williams, L. and Williams, R. D. and Williamson, A. R. and Willis, J. L. and Willke, B. and Wimmer, M. H. and Winkelmann, L. and Winkler, W. and Wipf, C. C. and Wiseman, A. G. and Wittel, H. and Woan, G. and Worden, J. and Wright, J. L. and Wu, G. and Yablon, J. and Yakushin, I. and Yam, W. and Yamamoto, H. and Yancey, C. C. and Yap, M. J. and Yu, H. and Yvert, M. and Zadro\ifmmode \dot{z}\else \.{z}\fi{}ny, A. and Zangrando, L. and Zanolin, M. and Zendri, J.-P. and Zevin, M. and Zhang, F. and Zhang, L. and Zhang, M. and Zhang, Y. and Zhao, C. and Zhou, M. and Zhou, Z. and Zhu, X. J. and Zucker, M. E. and Zuraw, S. E. and Zweizig, J.},
  	collaboration = {LIGO Scientific Collaboration and Virgo Collaboration},
  	journal = {Phys. Rev. Lett.},
  	volume = {116},
  	issue = {6},
  	pages = {061102},
  	numpages = {16},
  	year = {2016},
  	month = {Feb},
  	publisher = {American Physical Society},
  	doi = {10.1103/PhysRevLett.116.061102},
  	url = {http://link.aps.org/doi/10.1103/PhysRevLett.116.061102}
}
